<?xml version = "1.0" encoding = "UTF-8"?><OAI-PMH xmlns="http://www.openarchives.org/OAI/2.0/" xmlns:xsi="http://www.w3.org/2001/XMLSchema-instance" xsi:schemaLocation="http://www.openarchives.org/OAI/2.0/ http://www.openarchives.org/OAI/2.0/OAI-PMH.xsd"><ListRecords><record><header><identifier>aleph-publish:011071490</identifier></header><metadata><record xmlns="http://www.ddb.de/professionell/mabxml/mabxml-1.xsd"><leader>00827vM2.01200024------h</leader><controlfield tag="LDR">00827vM2.01200024------h</controlfield><controlfield tag="FMT">MH</controlfield><datafield tag="001" ind1="-" ind2="1"><subfield code="a">BT000024700</subfield></datafield><datafield tag="002" ind1="a" ind2="1"><subfield code="a">19950929</subfield></datafield><datafield tag="003" ind1="-" ind2="1"><subfield code="a">20191024</subfield></datafield><datafield tag="026" ind1="-" ind2="1"><subfield code="a">HBZBT000024700</subfield></datafield><controlfield tag="030">a|1uc||||||17</controlfield><controlfield tag="050">a|||||||||||||</controlfield><controlfield tag="051">at||||||</controlfield><datafield tag="070" ind1="-" ind2="1"><subfield code="a">6/NWBib</subfield></datafield><datafield tag="070" ind1="b" ind2="1"><subfield code="a">6</subfield></datafield><datafield tag="078" ind1="n" ind2="1"><subfield code="a">NWBib-6</subfield></datafield><datafield tag="080" ind1="-" ind2="1"><subfield code="a">60</subfield></datafield><datafield tag="100" ind1="-" ind2="1"><subfield code="p">Prause, Klaus</subfield></datafield><datafield tag="331" ind1="-" ind2="1"><subfield code="a">1. grenzüberschreitende Euregio-Betriebskontakttage in Nordrhein-Westfalen</subfield></datafield><datafield tag="425" ind1="a" ind2="1"><subfield code="a">1993</subfield></datafield><datafield tag="525" ind1="-" ind2="1"><subfield code="p">In</subfield><subfield code="a">Bürgerbuch Gronau und Epe. - 4. 1993/94 (1993) S. 68, 70-71 : Ill.</subfield></datafield><datafield tag="599" ind1="-" ind2="1"><subfield code="a">HT007043581</subfield></datafield><datafield tag="700" ind1="n" ind2="1"><subfield code="a">Euregio</subfield><subfield code="0">https://nwbib.de/spatial#Q1374337</subfield></datafield><datafield tag="700" ind1="n" ind2="1"><subfield code="a">Messen. Ausstellungen</subfield><subfield code="0">https://nwbib.de/subjects#N548040</subfield></datafield><datafield tag="902" ind1="-" ind2="1"><subfield code="s">Gronau</subfield><subfield code="h">Westfalen</subfield><subfield code="x">Euregio-Betriebskontakttage</subfield><subfield code="h">1992</subfield></datafield><datafield tag="907" ind1="-" ind2="1"><subfield code="k">EUREGIO</subfield><subfield code="h">Körperschaft</subfield><subfield code="9">(DE-588)2065029-2</subfield></datafield><datafield tag="907" ind1="-" ind2="1"><subfield code="s">Messe</subfield><subfield code="h">Wirtschaft</subfield><subfield code="9">(DE-588)4074745-1</subfield></datafield><controlfield tag="SYS">011071490</controlfield><datafield tag="957" ind1="-" ind2="1"><subfield code="k">EUREGIO e.V.</subfield></datafield><datafield tag="957" ind1="-" ind2="1"><subfield code="k">EUREGIO-Kommunalgemeinschaft Rhein-Ems e.V.</subfield></datafield><datafield tag="957" ind1="-" ind2="1"><subfield code="s">Fachmesse</subfield></datafield><datafield tag="957" ind1="-" ind2="1"><subfield code="s">Handelsmesse</subfield></datafield></record></metadata></record></ListRecords></OAI-PMH>